@book{bar2011tracking,
  title={Tracking and data fusion},
  author={Bar-Shalom, Yaakov and Willett, Peter K and Tian, Xin},
  year={2011},
  publisher={YBS publishing}
}

@inproceedings{bramberger2003smart,
  title={A smart camera for traffic surveillance},
  author={Bramberger, Michael and Pflugfelder, Roman P and Maier, Arnold and Rinner, Bernhard and Strobl, Bernhard and Schwabach, Helmut},
  booktitle={Proceedings of the First Workshop on Intelligent Solutions in Embedded Systems},
  pages={153--164},
  year={2003}
}

@article{feris2012large,
  title={Large-scale vehicle detection, indexing, and search in urban surveillance videos},
  author={Feris, Rogerio Schmidt and Siddiquie, Behjat and Petterson, James and Zhai, Yun and Datta, Ankur and Brown, Lisa M and Pankanti, Sharath},
  journal={IEEE Transactions on Multimedia},
  volume={14},
  number={1},
  pages={28--42},
  year={2012},
  publisher={IEEE}
}

@inproceedings{cucchiara2001improving,
  title={Improving shadow suppression in moving object detection with HSV color information},
  author={Cucchiara, Rita and Grana, Costantino and Piccardi, Massimo and Prati, Andrea and Sirotti, Stefano},
  booktitle={Intelligent Transportation Systems, 2001. Proceedings. 2001 IEEE},
  pages={334--339},
  year={2001},
  organization={IEEE}
}

@article{viola2001robust,
  title={Robust real-time object detection},
  author={Viola, Paul and Jones, Michael},
  journal={International Journal of Computer Vision},
  volume={4},
  number={34--47},
  year={2001}
}

@inproceedings{puri2007statistical,
  title={Statistical profile generation for traffic monitoring using real-time UAV based video data},
  author={Puri, A and Valavanis, KP and Kontitsis, M},
  booktitle={Control \& Automation, 2007. MED'07. Mediterranean Conference on},
  pages={1--6},
  year={2007},
  organization={IEEE}
}

@techreport{farradine2005use,
  title={Use of unmanned aerial vehicles in traffic surveillance and traffic management},
  author={Farradine, PB},
  year={2005},
  institution={Technical Memorandum Prepared for: Florida Department of Transportation}
}

@article{puri2005survey,
  title={A survey of unmanned aerial vehicles (UAV) for traffic surveillance},
  author={Puri, Anuj},
  journal={Department of computer science and engineering, University of South Florida},
  year={2005}
}

@inproceedings{srinivasan2004airborne,
  title={Airborne traffic surveillance systems: video surveillance of highway traffic},
  author={Srinivasan, Suman and Latchman, Haniph and Shea, John and Wong, Tan and McNair, Janice},
  booktitle={Proceedings of the ACM 2nd international workshop on Video surveillance \& sensor networks},
  pages={131--135},
  year={2004},
  organization={ACM}
}

@article{wang2014videosnapping,
  title={Videosnapping: Interactive synchronization of multiple videos},
  author={Wang, Oliver and Schroers, Christopher and Zimmer, Henning and Gross, Markus and Sorkine-Hornung, Alexander},
  journal={ACM Transactions on Graphics (TOG)},
  volume={33},
  number={4},
  pages={77},
  year={2014},
  publisher={ACM}
}

@misc{samuelsson2012video,
  title={Video Tracking Algorithm for UnmannedAerial Vehicle Surveillance},
  author={Samuelsson, Olov},
  year={2012}
}

